@misc{Mono_Cecil,
	title={Mono.Cecil},
	author={Mono},
	howpublished={\url{https://www.mono-project.com/docs/tools+libraries/libraries/Mono.Cecil/}},
	year={2017}
}
@misc{ILSpy,
	title={ILSpy},
	author={ICSharpCode},
	howpublished={\url{https://github.com/icsharpcode/ILSpy}},
	year={2019}
}
@misc{TypeScript,
	title={TypeScript},
	author={Microsoft},
	howpublished={\url{https://www.typescriptlang.org/}},
	year={2013}
}
@misc{Haxe,
	title={Haxe},
	author={Haxe Foundation},
	howpublished={\url{https://haxe.org/}},
	year={2017}
}
@misc{Bridge_NET,
	title={Bridge.NET},
	author={Object.NET},
	howpublished={\url{https://bridge.net/}},
	year={2017}
}
@misc{Assembly_CLI,
	title={Assembly (CLI)},
	author={Wiki},
	howpublished={\url{https://en.wikipedia.org/wiki/Assembly_(CLI)}},
	year={2018}
}