@incollection{meijster2002general,
  title={A general algorithm for computing distance transforms in linear time},
  author={Meijster, Arnold and Roerdink, Jos BTM and Hesselink, Wim H},
  booktitle={Mathematical Morphology and its applications to image and signal processing},
  pages={331--340},
  year={2002},
  publisher={Springer}
}
@misc{quilez2008modeling,
  title={Modeling with distance functions},
  author={Quilez, Inigo},
  howpublished={\url{http://iquilezles.org/www/articles/distfunctions/distfunctions.htm}},
  year={2008}
}